<record><leader>00000cas a2200000 a 4500</leader><controlfield tag="001">710835654</controlfield><controlfield tag="006">m     o  |        </controlfield><controlfield tag="007">cr |||||||||||</controlfield><controlfield tag="008">110401d19101922ilu|| neo     0    0yidrc</controlfield><controlfield tag="009">540</controlfield><datafield ind1=" " ind2=" " tag="010"><subfield code="a">  2011225043</subfield></datafield><datafield ind1=" " ind2=" " tag="040"><subfield code="a">CRL</subfield><subfield code="b">eng</subfield><subfield code="c">CRL</subfield><subfield code="d">CRL</subfield><subfield code="d">OCLCQ</subfield></datafield><datafield ind1=" " ind2=" " tag="066"><subfield code="c">(2</subfield></datafield><datafield ind1=" " ind2=" " tag="042"><subfield code="a">pcc</subfield></datafield><datafield ind1="0" ind2=" " tag="130"><subfield code="a">Yidisher rek&#803;ord (Chicago, Ill.)</subfield></datafield><datafield ind1="1" ind2="0" tag="245"><subfield code="6">880-01</subfield><subfield code="a">Yidisher rek&#803;ord</subfield><subfield code="h">[electronic resource] =</subfield><subfield code="b">The Jewish record.</subfield></datafield><datafield ind1="3" ind2="1" tag="246"><subfield code="a">Jewish record</subfield></datafield><datafield ind1=" " ind2=" " tag="260"><subfield code="a">Chicago, Ill. :</subfield><subfield code="b">Jewish Record Co.</subfield></datafield><datafield ind1=" " ind2=" " tag="310"><subfield code="a">Weekly</subfield></datafield><datafield ind1="1" ind2=" " tag="362"><subfield code="a">Began in 1910. Ceased with Vol. 13, no. 18 (May 5th, 1922).</subfield><subfield code="z">Cf. Gregory, Amer. newspapers.</subfield></datafield><datafield ind1=" " ind2=" " tag="546"><subfield code="a">In Yiddish.</subfield></datafield><datafield ind1=" " ind2=" " tag="588"><subfield code="a">Description based on: Vol. 8, no. 35 (Aug. 31st, 1917); title from PDF caption (APCRL, viewed Mar. 31, 2011).</subfield></datafield><datafield ind1=" " ind2=" " tag="588"><subfield code="a">Latest issue consulted: Vol. 13, no. 18 (May 5th, 1922) (APCRL, viewed Mar. 31, 2011).</subfield></datafield><datafield ind1=" " ind2=" " tag="752"><subfield code="a">United States</subfield><subfield code="b">Illinois</subfield><subfield code="c">Cook</subfield><subfield code="d">Chicago.</subfield></datafield><datafield ind1="0" ind2="8" tag="776"><subfield code="i">Print version:</subfield><subfield code="t">Yidisher rek&#803;ord (Chicago, Ill.)</subfield><subfield code="w">(DLC)sn 83045855</subfield><subfield code="w">(OCoLC)9745567</subfield></datafield><datafield ind1="4" ind2="0" tag="856"><subfield code="u">http://gateway.proquest.com/openurl?url_ver=Z39.88-2004&amp;res_dat=xri:pqm&amp;rft_val_fmt=info:ofi/fmt:kev:mtx:journal&amp;genre=journal&amp;req_dat=xri:pqil:pq_clntid=36372&amp;svc_dat=xri:pqil:context=title&amp;rft_dat=xri:pqd:PMID=54296</subfield><subfield code="z">ProQuest - American Periodicals from the Center for Research Libraries</subfield></datafield><datafield ind1="1" ind2="0" tag="880"><subfield code="6">245-01/(2/r</subfield><subfield code="a">&#1497;&#1497;&#1491;&#1497;&#1513;&#1506;&#1512; &#1512;&#1506;&#1511;&#1488;&#1512;&#1491;</subfield><subfield code="h">[electronic resource] =</subfield><subfield code="b">The Jewish record.</subfield></datafield></record>